@Book{Agresti,
   title =     {Categorical Data Analysis},
   author =    {Alan Agresti},
   publisher = {Wiley-Interscience},
   isbn =      {0471360937,9780471360933,9780471458760},
   year =      {2002},
   series =    {Wiley Series in Probability and Statistics},
   edition =   {2nd}
   }
@article{Bates,
  title={lme4: Linear mixed-effects models using Eigen and S4},
  author={Bates, Douglas and Maechler, Martin and Bolker, Ben and Walker, Steven and others},
  journal={R package version},
  volume={1},
  number={7},
  pages={1-23},
  year={2014}
}
@Book{Goldstein,
   title =     {Multilevel Statistical Models},
   author =    {Harvey Goldstein},
   publisher = {John Wiley & Sons Inc},
   isbn =      {0470748656,9780470748657},
   year =      {2010},
   series =    {Wiley Series in Probability and Statistics},
   edition =   {4},
}
@article{HadfieldBook,
  title={MCMC methods for multi-response generalized linear mixed models: the MCMCglmm R package},
  author={Hadfield, Jarrod D},
  journal={Journal of Statistical Software},
  volume={33},
  number={2},
  pages={1-22},
  year={2010}
}
@article{HadfieldCourseNotes,
  title={MCMCglmm course notes},
  author={Hadfield, Jarrod},
  url={http://cran.us.r-project.org/web/packages/MCMCglmm/vignettes/CourseNotes.pdf},
  year={2012},
  note = "[Online; Recuperado el 28 de abril de 2018]"
}
@Book{Lebart,
  title={Statistique exploratoire multidimensionnelle},
  author={Lebart, Ludovic and Morineau, Alain and Piron, Marie},
  volume={3},
  year={1995},
  publisher={Dunod Paris}
}
@Book{Pardo,
  title={Estad{\'i}stica Descriptiva Multivariada},
  author={Pardo, Campo El{\'i}as},
  publisher={Universidad Nacional de Colombia},
  year={Sin publicar}
}
@article{Pardo2007,
  title={Combinaci{\'o}n de m{\'e}todos factoriales y de an{\'a}lisis de conglomerados en R: el paquete FactoClass},
  author={Pardo, Campo El{\'\i}as and Del Campo, Pedro Cesar},
  journal={Revista colombiana de estad{\'\i}stica},
  volume={30},
  number={2},
  year={2007},
  publisher={Universidad Nacional de Colombia}
}
@article{rstudio1,
  title={RStudio: Tidyverse packages},
  author={RStudio-1},
  address={Boston, MA},
  year={},
  url={https://www.tidyverse.org/packages/}
}
@article{rstudio2,
  title={RStudio: Why RStudio?},
  author={RStudio-2},
  address={Boston, MA},
  year={N.A},
  url={https://www.rstudio.com/about/}
}
@article{r1,
  title={R: What is R?},
  author={{R Core Team}},
  organization = {R Foundation for Statistical Computing},
  address={Vienna, Austria},
  year={N.A},
  url={https://www.r-project.org/about.html}
}
@Book{xie2015,
  title = {Dynamic Documents with {R} and knitr},
  author = {Yihui Xie},
  publisher = {Chapman and Hall/CRC},
  address = {Boca Raton, Florida},
  year = {2015},
  edition = {2nd},
  note = {ISBN 978-1498716963},
  url = {http://yihui.name/knitr/},
}
@misc{ wikiR,
  author = {{R (lenguaje de programación)}},
  title = "R (lenguaje de programación) --- {W}ikipedia{,} La enciclopedia libre",
  year = "2018",
  url = "https://es.wikipedia.org/wiki/R_(lenguaje_de_programación)",
  note = "[Online; Recuperado el 28 de abril de 2018]"
}
@misc{ wikiRStudio,
  author = {{RStudio}},
  title = "RStudio --- {W}ikipedia{,} La enciclopedia libre",
  year = "2018",
  url = "https://es.wikipedia.org/wiki/RStudio",
  note = "[Online; Recuperado el 28 de abril de 2018]"
}



