@Manual{Factoclass,
  title = {FactoClass: Combination of Factorial Methods and Cluster Analysis},
  author = {Campo Elias Pardo and  del Campo, Pedro Cesar and Torres, Camilo Jose },
  year = {2018},
  note = {R package version 1.2.4},
  url = {https://CRAN.R-project.org/package=FactoClass},
}
@Manual{lme4,
  title = {lme4: Linear Mixed-Effects Models using 'Eigen' and S4},
  author = {Douglas Bates and Martin Maechler and Ben Bolker and Steven Walker},
  year = {2018},
  note = {R package version 1.1-17},
  url = {https://CRAN.R-project.org/package=lme4},
}
@Manual{MCMCglmm,
  title = {MCMCglmm: MCMC Generalised Linear Mixed Models},
  author = {Jarrod Hadfield},
  year = {2017},
  note = {R package version 2.25},
  url = {https://CRAN.R-project.org/package=MCMCglmm},
}
@Manual{R-base,
  title = {R: A Language and Environment for Statistical Computing},
  author = {{R Core Team}},
  organization = {R Foundation for Statistical Computing},
  address = {Vienna, Austria},
  year = {2017},
  url = {https://www.R-project.org/},
}
@Manual{R-bookdown,
  title = {bookdown: Authoring Books and Technical Documents with R Markdown},
  author = {Yihui Xie},
  year = {2018},
  note = {R package version 0.7},
  url = {https://CRAN.R-project.org/package=bookdown},
}
@Manual{R-knitr,
  title = {knitr: A General-Purpose Package for Dynamic Report Generation in R},
  author = {Yihui Xie},
  year = {2018},
  note = {R package version 1.20},
  url = {https://CRAN.R-project.org/package=knitr},
}
@Manual{R-rmarkdown,
  title = {rmarkdown: Dynamic Documents for R},
  author = {JJ Allaire and Yihui Xie and Jonathan McPherson and Javier Luraschi and Kevin Ushey and Aron Atkins and Hadley Wickham and Joe Cheng and Winston Chang},
  year = {2018},
  note = {R package version 1.9},
  url = {https://CRAN.R-project.org/package=rmarkdown},
}
@Manual{tidyverse,
  title = {tidyverse: Easily Install and Load the 'Tidyverse'},
  author = {Hadley Wickham and {R Core Team}},
  year = {2017},
  note = {R package version 1.2.1},
  url = {https://CRAN.R-project.org/package=tidyverse},
}